@online{HuffingtonpostFirstWebsite,
  author = {Dino Grandoni},
  title = {Worldâ€™s First Website, Created By Tim Berners-Lee In 1991, Is Still Up And Running On 21st Birthday},
  year = 2012,
  url = {http://www.huffingtonpost.com/2012/08/06/worlds-first-website_n_1747476.html}
}

@online{W3cJavascriptHistory,
  author = {W3C},
  title = {A Short History of JavaScript},
  year = 2012,
  url = {https://www.w3.org/community/webed/wiki/A_Short_History_of_JavaScript}
}

@online{MixuSinglePageWebApp,
  author = {Mikito Takada},
  title = {Single page apps in depth},
  year = 2013,
  url = {http://singlepageappbook.com/}
}

@online{ParrOnTheMVC,
  author = {Bill Venners},
  title = {The Importance of Model-View Separation, a Conversation with Terence Parr},
  year = 2008,
  url = {http://www.artima.com/lejava/articles/stringtemplate.html}
}

@online{ChauhanFrontendArchitectures,
  author = {Shailendra Chauhan},
  title = {Understanding MVC, MVP and MVVM Design Patterns},
  year = 2016,
  url = {http://www.dotnettricks.com/learn/designpatterns/understanding-mvc-mvp-and-mvvm-design-patterns}
}

@online{SalihefendicFluxVsMVC,
  author = {Amir Salihefendic},
  title = {Flux vs. MVC (Design Patterns)},
  year = 2015,
  url = {https://medium.com/hacking-and-gonzo/flux-vs-mvc-design-patterns-57b28c0f71b7}
}